% TODO: v tomto subore uvedte BibTex zaznamy pre pouzite zdroje

@article{phage_coat,
  title={Periodic table of virus capsids: implications for natural selection and design},
  author={Mannige, Ranjan V and Brooks III, Charles L},
  journal={PLoS One},
  volume={5},
  number={3},
  pages={e9423},
  year={2010},
  publisher={Public Library of Science}
}

@inproceedings{cycles,
  title={Lysogenic versus lytic cycle of phage multiplication},
  author={Bertani, G},
  booktitle={Cold Spring Harbor symposia on quantitative biology},
  volume={18},
  pages={65--70},
  year={1953},
  organization={Cold Spring Harbor Laboratory Press}
}

@article{foodphage,
  title={Optimizing concentration and timing of a phage spray application to reduce Listeria monocytogenes on honeydew melon tissue},
  author={Leverentz, Britta and Conway, William S and Janisiewicz, Wojciech and Camp, Mary J},
  journal={Journal of food protection},
  volume={67},
  number={8},
  pages={1682--1686},
  year={2004},
  publisher={International Association for Food Protection}
}

@article{transition,
  title={Estimation of the number of nucleotide substitutions in the control region of mitochondrial DNA in humans and chimpanzees.},
  author={Tamura, Koichiro and Nei, Masatoshi},
  journal={Molecular biology and evolution},
  volume={10},
  number={3},
  pages={512--526},
  year={1993}
}

@article{mycobacterium,
  title={The secret lives of the pathogenic mycobacteria},
  author={Cosma, Christine L and Sherman, David R and Ramakrishnan, Lalita},
  journal={Annual Reviews in Microbiology},
  volume={57},
  number={1},
  pages={641--676},
  year={2003},
  publisher={Annual Reviews 4139 El Camino Way, PO Box 10139, Palo Alto, CA 94303-0139, USA}
}

@article{drugphage,
  title={Bacteriophages as potential new therapeutics to replace or supplement antibiotics},
  author={Kutateladze, Mzia and Adamia, Revaz},
  journal={Trends in biotechnology},
  volume={28},
  number={12},
  pages={591--595},
  year={2010},
  publisher={Elsevier}
}


@online{central_dogma,
 author  = "Philippe Hupé",
 title   = "Central dogma of molecular biology",
 year    = "2012",
 urlseen = "09-05-18",
 url     = "https://commons.wikimedia.org/wiki/File:Central_dogma_of_molecular_biology.svg"
}

@online{blosum,
 author  = "Hannes Röst",
 title   = "Blosum",
 year    = "2008",
 urlseen = "09-05-18",
 url     = "https://commons.wikimedia.org/wiki/File:BLOSUM62.gif"
}

@online{needleman,
 author  = "Slowkow",
 title   = "Needleman-Wunsch",
 year    = "2008",
 urlseen = "09-05-18",
 url     = "https://commons.wikimedia.org/wiki/File:Needleman-Wunsch_pairwise_sequence_alignment.png"
}

@online{phage_pic,
 author  = "Adenosine",
 title   = "A typical T-even bacteriophage",
 year    = "2009",
 urlseen = "09-05-18",
 url     = "https://commons.wikimedia.org/wiki/File:PhageExterior.svg"
}

@article{prodigal,
  title={Prodigal: prokaryotic gene recognition and translation initiation site identification},
  author={Hyatt, Doug and Chen, Gwo-Liang and LoCascio, Philip F and Land, Miriam L and Larimer, Frank W and Hauser, Loren J},
  journal={BMC bioinformatics},
  volume={11},
  number={1},
  pages={119},
  year={2010},
  publisher={BioMed Central}
}

@book{alberts,
  title={Molecular biology of the cell},
  author={Alberts, Bruce},
  year={2017},
  publisher={Garland science}
}

@book{molbio,
  title={Molecular biology of the cell},
  author={Alberts, Bruce},
  year={2017},
  publisher={Garland science}
}

@article{phages_in_nature,
  title={Phages in nature},
  author={Clokie, Martha RJ and Millard, Andrew D and Letarov, Andrey V and Heaphy, Shaun},
  journal={Bacteriophage},
  volume={1},
  number={1},
  pages={31--45},
  year={2011},
  publisher={Taylor \& Francis}
}

@article{virioplankton,
  title={Virioplankton: viruses in aquatic ecosystems},
  author={Wommack, K Eric and Colwell, Rita R},
  journal={Microbiology and molecular biology reviews},
  volume={64},
  number={1},
  pages={69--114},
  year={2000},
  publisher={Am Soc Microbiol}
}

@article{blast,
  title={Basic local alignment search tool},
  author={Altschul, Stephen F and Gish, Warren and Miller, Webb and Myers, Eugene W and Lipman, David J},
  journal={Journal of molecular biology},
  volume={215},
  number={3},
  pages={403--410},
  year={1990},
  publisher={Elsevier}
}

@article{smith_waterman,
  title={M. S. WATERMAN},
  author={Smith, TF and BEYER, WA},
  year={1976}
}

@article{crocoblast,
  title={CrocoBLAST: Running BLAST efficiently in the age of next-generation sequencing},
  author={Trist{\~a}o Ramos, Ravi Jos{\'e} and de Azevedo Martins, Allan C{\'e}zar and da Silva Delgado, Gabrielle and Ionescu, Crina-Maria and {\"U}rm{\'e}nyi, Tur{\'a}n Peter and Silva, Rosane and Ko{\v{c}}a, Jaroslav},
  journal={Bioinformatics},
  volume={33},
  number={22},
  pages={3648--3651},
  year={2017},
  publisher={Oxford University Press}
}

@article{mcl,
  author = {Enright, A. J. and Van Dongen, S. and Ouzounis, C. A.},
  title = {An efficient algorithm for large-scale detection of protein families},
  journal = {Nucleic Acids Research},
  volume = {30},
  number = {7},
  pages = {1575-1584},
  year = {2002},
  doi = {10.1093/nar/30.7.1575},
  URL = { + http://dx.doi.org/10.1093/nar/30.7.1575},
  eprint = {/oup/backfile/content_public/journal/nar/30/7/10.1093_nar_30.7.1575/2/gkf245.pdf}
}

@article{principal,
  title={Principal component analysis},
  author={Rencher, Alvin C},
  journal={Methods of Multivariate Analysis, Second Edition},
  pages={380--407},
  year={2002},
  publisher={Wiley Online Library}
}

@article{biopython,
  author = {Cock, Peter J. A. and Antao, Tiago and Chang, Jeffrey T. and Chapman, Brad A. and Cox, Cymon J. and Dalke, Andrew and Friedberg, Iddo and Hamelryck, Thomas and Kauff, Frank and Wilczynski, Bartek and de Hoon, Michiel J. L.},
  title = {Biopython: freely available Python tools for computational molecular biology and bioinformatics},
  journal = {Bioinformatics},
  volume = {25},
  number = {11},
  pages = {1422-1423},
  year = {2009},
  doi = {10.1093/bioinformatics/btp163},
  URL = { + http://dx.doi.org/10.1093/bioinformatics/btp163},
  eprint = {/oup/backfile/content_public/journal/bioinformatics/25/11/10.1093/bioinformatics/btp163/2/btp163.pdf}
}

@article{prokka,
  author = {Seemann, Torsten},
  title = {Prokka: rapid prokaryotic genome annotation},
  journal = {Bioinformatics},
  volume = {30},
  number = {14},
  pages = {2068-2069},
  year = {2014},
  doi = {10.1093/bioinformatics/btu153},
  URL = { + http://dx.doi.org/10.1093/bioinformatics/btu153},
  eprint = {/oup/backfile/content_public/journal/bioinformatics/30/14/10.1093_bioinformatics_btu153/2/btu153.pdf}
}

@article{phage,
  title={The Phage Proteomic Tree: a genome-based taxonomy for phage},
  author={Rohwer, Forest and Edwards, Rob},
  journal={Journal of bacteriology},
  volume={184},
  number={16},
  pages={4529--4535},
  year={2002},
  publisher={Am Soc Microbiol}
}

@article{phagetax,
  title={Phage taxonomy: we agree to disagree},
  author={Nelson, Daniel},
  journal={Journal of bacteriology},
  volume={186},
  number={21},
  pages={7029--7031},
  year={2004},
  publisher={Am Soc Microbiol}
}


@book{bioinformatics,
  title={Understanding bioinformatics},
  author={Zvelebil, Marketa J. and Baum, Jeremy O.},
  year={2008},
  publisher={Garland Science}
}

@misc{needle,
  title={The european molecular biology open software suite},
  author={EMBOSS Group and others}
}

@article{snakemake,
author = {Köster, Johannes and Rahmann, Sven},
title = {Snakemake—a scalable bioinformatics workflow engine},
journal = {Bioinformatics},
volume = {28},
number = {19},
pages = {2520-2522},
year = {2012},
doi = {10.1093/bioinformatics/bts480},
URL = { + http://dx.doi.org/10.1093/bioinformatics/bts480},
eprint = {/oup/backfile/content_public/journal/bioinformatics/28/19/10.1093/bioinformatics/bts480/2/bts480.pdf}
}

@article{ncbi,
  title={Database resources of the national center for biotechnology information},
  author={Coordinators, NCBI Resource},
  journal={Nucleic acids research},
  volume={44},
  number={Database issue},
  pages={D7},
  year={2016},
  publisher={Oxford University Press}
}


@article{genbank,
  title={GenBank},
  author={Benson, Dennis A and Karsch-Mizrachi, Ilene and Lipman, David J and Ostell, James and Wheeler, David L},
  journal={Nucleic acids research},
  volume={36},
  number={Database issue},
  pages={D25},
  year={2008},
  publisher={Oxford University Press}
}

@article{entrez,
  title={Entrez Gene: gene-centered information at NCBI},
  author={Maglott, Donna and Ostell, Jim and Pruitt, Kim D and Tatusova, Tatiana},
  journal={Nucleic acids research},
  volume={39},
  number={suppl\_1},
  pages={D52--D57},
  year={2010},
  publisher={Oxford University Press}
}

@article{viralzone,
  title={ViralZone: a knowledge resource to understand virus diversity},
  author={Hulo, Chantal and De Castro, Edouard and Masson, Patrick and Bougueleret, Lydie and Bairoch, Amos and Xenarios, Ioannis and Le Mercier, Philippe},
  journal={Nucleic acids research},
  volume={39},
  number={suppl\_1},
  pages={D576--D582},
  year={2010},
  publisher={Oxford University Press}
}

@article{phagesdb,
author = {Russell, Daniel A. and Hatfull, Graham F.},
title = {PhagesDB: the actinobacteriophage database},
journal = {Bioinformatics},
volume = {33},
number = {5},
pages = {784-786},
year = {2017},
doi = {10.1093/bioinformatics/btw711},
URL = { + http://dx.doi.org/10.1093/bioinformatics/btw711},
eprint = {/oup/backfile/content_public/journal/bioinformatics/33/5/10.1093_bioinformatics_btw711/3/btw711.pdf}
}

@article{hostphinder,
  title={HostPhinder: A Phage Host Prediction Tool},
  author={Villarroel, Julia and Kleinheinz, Kortine Annina and Jurtz, Vanessa Isabell and Zschach, Henrike and Lund, Ole and Nielsen, Morten and Larsen, Mette Voldby},
  journal={Viruses},
  volume={8},
  number={5},
  year={2016},
  publisher={Multidisciplinary Digital Publishing Institute (MDPI)}
}

@article{refseq,
  title={NCBI reference sequences (RefSeq): a curated non-redundant sequence database of genomes, transcripts and proteins},
  author={Pruitt, Kim D and Tatusova, Tatiana and Maglott, Donna R},
  journal={Nucleic acids research},
  volume={35},
  number={suppl\_1},
  pages={D61--D65},
  year={2006},
  publisher={Oxford University Press}
}

@article{uniprot,
  title={UniProt: a hub for protein information},
  author={UniProt Consortium},
  journal={Nucleic acids research},
  volume={43},
  number={D1},
  pages={D204--D212},
  year={2014},
  publisher={Oxford University Press}
}

@article{pfam,
  title={The Pfam protein families database},
  author={Bateman, Alex and Coin, Lachlan and Durbin, Richard and Finn, Robert D and Hollich, Volker and Griffiths-Jones, Sam and Khanna, Ajay and Marshall, Mhairi and Moxon, Simon and Sonnhammer, Erik LL and others},
  journal={Nucleic acids research},
  volume={32},
  number={suppl\_1},
  pages={D138--D141},
  year={2004},
  publisher={Oxford University Press}
}

@article{tigrfam,
  title={TIGRFAMs: a protein family resource for the functional identification of proteins},
  author={Haft, Daniel H and Loftus, Brendan J and Richardson, Delwood L and Yang, Fan and Eisen, Jonathan A and Paulsen, Ian T and White, Owen},
  journal={Nucleic acids research},
  volume={29},
  number={1},
  pages={41--43},
  year={2001},
  publisher={Oxford University Press}
}

@article{interpro,
  title={InterProScan--an integration platform for the signature-recognition methods in InterPro},
  author={Zdobnov, Evgeni M and Apweiler, Rolf},
  journal={Bioinformatics},
  volume={17},
  number={9},
  pages={847--848},
  year={2001},
  publisher={Oxford University Press}
}

@article{prosite,
  title={The PROSITE database},
  author={Hulo, Nicolas and Bairoch, Amos and Bulliard, Virginie and Cerutti, Lorenzo and De Castro, Edouard and Langendijk-Genevaux, Petra S and Pagni, Marco and Sigrist, Christian JA},
  journal={Nucleic acids research},
  volume={34},
  number={suppl\_1},
  pages={D227--D230},
  year={2006},
  publisher={Oxford University Press}
}

@article{prints,
  title={The PRINTS database: a resource for identification of protein families},
  author={Attwood, Terri K},
  journal={Briefings in bioinformatics},
  volume={3},
  number={3},
  pages={252--263},
  year={2002},
  publisher={Henry Stewart Publications}
}

@article{prodom,
  title={The ProDom database of protein domain families},
  author={Corpet, Florence and Gouzy, J{\'e}r{\^o}me and Kahn, Daniel},
  journal={Nucleic Acids Research},
  volume={26},
  number={1},
  pages={323--326},
  year={1998},
  publisher={Oxford University Press}
}

@article{smart,
  title={SMART, a simple modular architecture research tool: identification of signaling domains},
  author={Schultz, J{\"o}rg and Milpetz, Frank and Bork, Peer and Ponting, Chris P},
  journal={Proceedings of the National Academy of Sciences},
  volume={95},
  number={11},
  pages={5857--5864},
  year={1998},
  publisher={National Acad Sciences}
}

@article{sklearn,
  title={Scikit-learn: Machine learning in Python},
  author={Pedregosa, Fabian and Varoquaux, Ga{\"e}l and Gramfort, Alexandre and Michel, Vincent and Thirion, Bertrand and Grisel, Olivier and Blondel, Mathieu and Prettenhofer, Peter and Weiss, Ron and Dubourg, Vincent and others},
  journal={Journal of machine learning research},
  volume={12},
  number={Oct},
  pages={2825--2830},
  year={2011}
}

@article{scps,
  title={SCPS: a fast implementation of a spectral method for detecting protein families on a genome-wide scale},
  author={Nepusz, Tam{\'a}s and Sasidharan, Rajkumar and Paccanaro, Alberto},
  journal={BMC bioinformatics},
  volume={11},
  number={1},
  pages={120},
  year={2010},
  publisher={BioMed Central}
}
